<record><leader>00000cas a22000007a 4500</leader><controlfield tag="001">11251578</controlfield><controlfield tag="008">841011d18751885iauwr ne      0    0eng d</controlfield><datafield ind1=" " ind2=" " tag="010"><subfield code="a">sn 84038290 </subfield></datafield><datafield ind1=" " ind2=" " tag="040"><subfield code="a">NPX</subfield><subfield code="b">eng</subfield><subfield code="c">NPX</subfield><subfield code="d">INP</subfield><subfield code="d">OCLCQ</subfield></datafield><datafield ind1=" " ind2=" " tag="042"><subfield code="a">msc</subfield></datafield><datafield ind1="0" ind2=" " tag="130"><subfield code="a">Independent herald (Lake Mills, Iowa)</subfield></datafield><datafield ind1="1" ind2="0" tag="245"><subfield code="a">Independent herald.</subfield></datafield><datafield ind1=" " ind2=" " tag="260"><subfield code="a">Lake Mills, Iowa :</subfield><subfield code="b">H.W. Rowland</subfield></datafield><datafield ind1=" " ind2=" " tag="300"><subfield code="a">v.</subfield></datafield><datafield ind1=" " ind2=" " tag="310"><subfield code="a">Weekly</subfield></datafield><datafield ind1="1" ind2=" " tag="362"><subfield code="a">Began in Feb. 1875; ceased in 1885.</subfield><subfield code="z">Cf. Bibl. of Iowa newspapers.</subfield></datafield><datafield ind1=" " ind2=" " tag="500"><subfield code="a">"Republican," &lt;1876&gt;.</subfield></datafield><datafield ind1=" " ind2=" " tag="588"><subfield code="a">Description based on: Vol. 2, no. 16 (Aug. 3, 1876).</subfield></datafield><datafield ind1=" " ind2=" " tag="752"><subfield code="a">United States</subfield><subfield code="b">Iowa</subfield><subfield code="c">Winnebago</subfield><subfield code="d">Lake Mills.</subfield></datafield><datafield ind1="0" ind2="0" tag="785"><subfield code="t">Herald (Lake Mills, Iowa)</subfield></datafield></record>